@article{Schiemann2009,
author = {Schiemann, Reinhard and L\"{u}thi, Daniel and Sch\"{a}r, Christoph},
doi = {10.1175/2008JCLI2625.1},
journal = {J. Clim.},
pages = {2940--2957},
title = {{Seasonality and Interannual Variability of the Westerly Jet in the Tibetan Plateau Region}},
volume = {22},
year = {2009}
}
@article{Yatagai2012,
author = {Yatagai, Akiyo and Kamiguchi, Kenji and Arakawa, Osamu and Hamada, Atsushi and Yasutomi, Natsuko and Kitoh, Akio},
doi = {10.1175/BAMS-D-11-00122.1},
journal = {Bull. Am. Meteorol. Soc.},
pages = {1401--1415},
title = {{APHRODITE: Constructing a Long-Term Daily Gridded Precipitation Dataset for Asia Based on a Dense Network of Rain Gauges}},
volume = {93},
year = {2012}
}