@article{Tian1998,
author = {Tian, Shao-Fen and Yasunari, Tetsuzo},
journal = {J. Meteorol. Soc. Japan},
pages = {57--71},
title = {{Climatological Aspects and Mechanism of Spring Persistent Rains over Central China}},
volume = {76},
year = {1998}
}
@article{Zhou2009,
author = {Zhou, Tianjun and Gong, Daoyi and Li, Jian and Li, Bo},
doi = {10.1127/0941-2948/2009/0396},
journal = {Meteorol. Zeitschrift},
pages = {455--467},
title = {{Detecting and understanding the multi-decadal variability of the East Asian Summer Monsoon ‚Äì Recent progress and state of affairs}},
volume = {18},
year = {2009}
}
@article{Lei2014,
author = {Lei, Yonghui and Hoskins, Brian and Slingo, Julia},
doi = {10.1007/s00382-013-1726-8},
journal = {Clim. Dyn.},
pages = {417--432},
title = {{Natural variability of summer rainfall over China in HadCM3}},
volume = {42},
year = {2014}
}
@article{Song2014,
author = {Song, Fengfei and Zhou, Tianjun and Qian, Yun},
doi = {10.1002/2013GL058705.Received},
journal = {Geophys. Res. Lett.},
pages = {596--603},
title = {{Responses of East Asian summer monsoon to natural and anthropogenic forcings in the 17 latest CMIP5 models}},
volume = {41},
year = {2014}
}
@article{Yu2010,
author = {Yu, Rucong and Li, Jian and Yuan, Weihua and Chen, Haoming},
doi = {10.1175/2010JCLI3454.1},
journal = {J. Climate},
pages = {3390--3396},
title = {{Changes in characteristics of late-summer precipitation over eastern China in the past 40 years revealed by hourly precipitation data}},
volume = {23},
year = {2010}
}
@article{Xin2006,
author = {Xin, Xiaoge and Yu, Rucong and Zhou, Tianjun and Wang, Bin},
doi = {10.1175/JCLI3794.1},
journal = {J. Climate},
pages = {3197--3206},
title = {{Drought in late spring of South China in recent decades}},
volume = {19},
year = {2006}
}
@incollection{Hesterberg2003,
address = {New York},
author = {Hesterberg, Tim and Monaghan, Shaun and Moore, David S and Epstein, Rachel and College, Reed and Rucker, Jeffrey},
booktitle = {The Practice of Business Statistics},
chapter = {18},
edition = {1st},
publisher = {W. H. Freeman and Company},
title = {{Bootstrap Methods and Permutation Tests}},
year = {2003}
}
@book{Good2005,
address = {New York, NY},
author = {Good, Phillip},
edition = {3rd},
publisher = {Springer},
title = {{Permutation, parametric and bootstrap tests of hypotheses}},
year = {2005}
}
@article{Chiang2015,
author = {Chiang, John C.H. and Fung, Inez Y. and Wu, Chi-Hua and Cai, Yanjun and Edman, Jacob P. and Liu, Yuwei and Day, Jesse A. and Bhattacharya, Tripti and Mondal, Yugarshi and Labrousse, Clothilde A.},
doi = {10.1016/j.quascirev.2014.11.009},
journal = {Quat. Sci. Rev.},
pages = {111--129},
title = {{Role of seasonal transitions and westerly jets in East Asian paleoclimate}},
volume = {108},
year = {2015}
}
@book{Holton2004,
author = {Holton, James R.},
edition = {4th},
pages = {269--278},
publisher = {Academic Press},
title = {{An Introduction to Dynamic Meteorology}},
year = {2004}
}
@article{Xu2009,
author = {Xu, Weixin and Zipser, Edward J. and Liu, Chuntao},
doi = {10.1175/2009MWR2982.1},
journal = {Mon. Weather Rev.},
pages = {4261--4275},
title = {{Rainfall Characteristics and Convective Properties of Mei-Yu Precipitation Systems over South China, Taiwan, and the South China Sea. Part I: TRMM Observations}},
volume = {137},
year = {2009}
}
@article{Ge2008,
author = {Ge, QuanSheng and Guo, XiFeng and Zheng, JingYun and Hao, ZhiXin},
doi = {10.1007/s11434-007-0440-5},
journal = {Chinese Sci. Bull.},
pages = {107--114},
title = {{Meiyu in the middle and lower reaches of the Yangtze River since 1736}},
volume = {53},
year = {2008}
}
@incollection{Chen2004,
address = {Singapore},
author = {Chen, George Tai-Jen},
booktitle = {East Asian Monsoon},
editor = {Chang, C.-P.},
pages = {357--403},
publisher = {World Scientific},
title = {{Research on the phenomena of Meiyu during the past quarter century: An overview}},
year = {2004}
}
@article{Bordoni2008,
author = {Bordoni, Simona and Schneider, Tapio},
doi = {10.1038/ngeo248},
journal = {Nat. Geosci.},
pages = {515--519},
title = {{Monsoons as eddy-mediated regime transitions of the tropical overturning circulation}},
url = {http://www.nature.com/doifinder/10.1038/ngeo248},
volume = {1},
year = {2008}
}
@article{Plumb1992,
author = {Plumb, R. Alan and Hou, Arthur Y.},
journal = {J. Atmos. Sci.},
pages = {1790--1799},
title = {{Response of a Zonally Symmetric Atmosphere to Subtropical Thermal Forcing}},
volume = {49},
year = {1992}
}
@article{Prive2007,
author = {Priv\'{e}, Nikki C. and Plumb, R. Alan},
doi = {10.1175/JAS3916.1},
journal = {J. Atmos. Sci.},
pages = {1417--1430},
title = {{Monsoon Dynamics with Interactive Forcing. Part I: Axisymmetric Studies}},
url = {http://journals.ametsoc.org/doi/abs/10.1175/JAS3916.1},
volume = {64},
year = {2007}
}
@article{Lin2008,
author = {Lin, Zhongda and Lu, Riyu},
doi = {10.2151/jmsj.86.857},
journal = {J. Meteorol. Soc. Japan},
pages = {857--866},
title = {{Abrupt northward jump of the East Asian upper-tropospheric jet stream in mid-summer}},
volume = {86},
year = {2008}
}
@article{Chang2014,
author = {Chang, Eun-Chul and Yeh, Sang-Wook and Hong, Song-You and Kim, Jung-Eun and Wu, Renguang and Kei, Yoshimura},
doi = {10.1002/2013JD020903},
journal = {J. Geophys. Res. Atmos.},
pages = {2279--2293},
title = {{Study on the changes in the East Asian precipitation in the mid‚Äê1990s using a high‚Äêresolution global downscaled atmospheric data set}},
volume = {119},
year = {2014}
}
@article{Qu2012,
author = {Qu, Xia and Huang, Gang},
doi = {10.1002/joc.2378},
journal = {Int. J. Climatol.},
pages = {2073--2080},
title = {{Impacts of tropical Indian Ocean SST on the meridional displacement of East Asian jet in boreal summer}},
volume = {32},
year = {2012}
}
@article{Kosaka2012,
author = {Kosaka, Yu and Chowdary, J. S. and Xie, Shang-Ping and Min, Young-Mi and Lee, June-Yi},
doi = {10.1175/JCLI-D-12-00009.1},
journal = {J. Climate},
pages = {7574--7589},
title = {{Limitations of Seasonal Predictability for Summer Climate over East Asia and the Northwestern Pacific}},
volume = {25},
year = {2012}
}
@article{Ambrizzi1997,
author = {Ambrizzi, T\'ercio and Hoskins, Brian J.},
journal = {Q. J. R. Meteorol. Soc.},
pages = {919--928},
title = {{Stationary Rossby-Äêwave propagation in a baroclinic atmosphere}},
volume = {123},
year = {1997}
}
@article{Hoskins1993,
author = {Hoskins, Brian J. and Ambrizzi, Tercio},
journal = {J. Atmos. Sci.},
pages = {1661--1671},
title = {{Rossby Wave Propagation on a Realistic Longitudinally Varying Flow}},
volume = {50},
year = {1993}
}
@article{Li2014,
author = {Li, Li and Zhang, Yaocun},
doi = {10.1175/JCLI-D-14-00021.1},
journal = {J. Climate},
pages = {6660--6672},
title = {{Effects of Different Configurations of the East Asian Subtropical and Polar Front Jets on Precipitation during the Mei-Yu Season}},
volume = {27},
year = {2014}
}
@article{Du2009,
author = {Du, Yin and Zhang, Yaocun and Xie, Zhiqing},
journal = {Acta Meteorol. Sin.},
pages = {506--516},
title = {{Impacts of the Zonal Position of the East Asian Westerly Jet Core on Precipitation Distribution During Meiyu of China}},
volume = {23},
year = {2009}
}
@incollection{Yeh1959,
author = {Yeh, Tu-Cheng and Dao, Shih-Yen and Li, Mei-Ts'un},
booktitle = {The Atmosphere and the Sea in Motion},
editor = {Bolin, B.},
pages = {249--267},
publisher = {Rockefeller Institute Press},
title = {{The Abrupt Change of Circulation over the Northern Hemisphere during June and October}},
year = {1959}
}
@article{Hahn1975,
author = {Hahn, Douglas G. and Manabe, Syukuro},
journal = {J. Atmos. Sci.},
title = {{The role of mountains in the south Asian monsoon circulation}},
volume = {32},
year = {1975}
}
@article{Yin1949,
author = {Yin, Maung Tun},
journal = {J. Meteorol.},
pages = {393--400},
title = {{Synoptic-aerologic study of the onset of the summer monsoon over India and Burma}},
volume = {6},
year = {1949}
}
@article{Park1997,
author = {Park, Chung-Kyu and Schubert, Siegfried D.},
journal = {J. Climate},
pages = {1056--1070},
title = {{On the nature of the 1994 East Asian summer drought}},
volume = {10},
year = {1997}
}
@article{Broccoli1992,
author = {Broccoli, A. J. and Manabe, S.},
journal = {J. Climate},
pages = {1181--1201},
title = {{The Effects of Orography on Midlatitude Northern Hemisphere Dry Climates}},
volume = {5},
year = {1992}
}
@article{Xuan2011,
author = {Xuan, Shouli and Zhang, Qingyun and Sun, Shuqing},
doi = {10.1007/s00376-010-0111-3.1.Introduction},
journal = {Adv. Atmos. Sci.},
pages = {387--397},
title = {{Anomalous midsummer rainfall in Yangtze River-Huaihe River valleys and its association with the East Asia westerly jet}},
volume = {28},
year = {2011}
}
@article{Nigam1989,
author = {Nigam, Sumant and Lindzen, Richard S.},
journal = {J. Atmos. Sci.},
pages = {1746--1768},
title = {{The sensitivity of stationary waves to variations in the basic state zonal flow}},
volume = {46},
year = {1989}
}
@article{Park2014a,
author = {Park, Jae-Heung and An, Soon-Il},
doi = {10.1007/s00382-013-2047-7},
journal = {Clim. Dyn.},
pages = {2227--2238},
title = {{The impact of tropical western Pacific convection on the North Pacific atmospheric circulation during the boreal winter}},
volume = {43},
year = {2014}
}
@article{Chang2000,
author = {Chang, C-P. and Zhang, Yongsheng and Li, Tim},
doi = {10.1175/1520-0442(2000)013<4310:IAIVOT>2.0.CO;2},
journal = {J. Climate},
pages = {4310--4325},
title = {{Interannual and Interdecadal Variations of the East Asian Summer Monsoon and Tropical Pacific SSTs. Part I: Roles of the Subtropical Ridge}},
volume = {13},
year = {2000}
}
@article{Kajikawa2012,
author = {Kajikawa, Yoshiyuki and Wang, Bin},
doi = {10.1175/JCLI-D-11-00207.1},
journal = {J. Climate},
pages = {3207--3218},
title = {{Interdecadal Change of the South China Sea Summer Monsoon Onset}},
volume = {25},
year = {2012}
}
@article{Wang2009,
author = {Wang, Bin and Huang, Fei and Wu, Zhiwei and Yang, Jing and Fu, Xiouhua and Kikuchi, Kazuyoshi},
doi = {10.1016/j.dynatmoce.2008.09.004},
journal = {Dyn. Atmos. Ocean.},
pages = {15--37},
title = {{Multi-scale climate variability of the South China Sea monsoon: A review}},
volume = {47},
year = {2009}
}
@incollection{Magee2011,
address = {Dordrecht},
author = {Magee, Darrin},
booktitle = {Eng. Earth},
chapter = {85},
doi = {10.1007/978-90-481-9920-4},
editor = {Brunn, Stanley D.},
pages = {1499--1514},
publisher = {Springer Netherlands},
title = {{Moving the River? China's South-North Water Transfer Project}},
volume = {53},
year = {2011}
}
@article{Gleeson2012,
author = {Gleeson, Tom and Wada, Yoshihide and Bierkens, Marc F. P. and van Beek, Ludovicus P. H.},
doi = {10.1038/nature11295},
journal = {Nature},
pages = {197--200},
title = {{Water balance of global aquifers revealed by groundwater footprint.}},
volume = {488},
year = {2012}
}

@article{Gong2002,
author = {Gong, Dao-Yi and Ho, Chang-Hoi},
doi = {10.1029/2001GL014523},
journal = {Geophys. Res. Lett.},
pages = {1436},
title = {{Shift in the summer rainfall over the Yangtze River valley in the late 1970s}},
volume = {29},
year = {2002}
}

@article{Currell2012,
author = {Currell, Matthew J. and Han, Dongmei and Chen, Zongyu and Cartwright, Ian},
doi = {10.1002/hyp.9208},
journal = {Hydrol. Process.},
pages = {4050--4066},
title = {{Sustainability of groundwater usage in northern China: dependence on palaeowaters and effects on water quality, quantity and ecosystem health}},
volume = {26},
year = {2012}
}
@article{Hu1997,
author = {Hu, Zeng-Zhen},
doi = {10.1029/97JD01052},
journal = {J. Geophys. Res.},
pages = {19403},
title = {{Interdecadal variability of summer climate over East Asia and its association with 500 hPa height and global sea surface temperature}},
volume = {102},
year = {1997}
}

@article{Lu2007,
author = {Lu, Jian and Vecchi, Gabriel a. and Reichler, Thomas},
doi = {10.1029/2006GL028443},
journal = {Geophys. Res. Lett.},
pages = {L06805},
title = {{Expansion of the Hadley cell under global warming}},
volume = {34},
year = {2007}
}
@article{Kang2012,
author = {Kang, Sarah M. and Lu, Jian},
doi = {10.1175/JCLI-D-12-00323.1},
journal = {J. Climate},
pages = {8387--8393},
title = {{Expansion of the Hadley Cell under Global Warming: Winter versus Summer}},
volume = {25},
year = {2012}
}
@article{Kwon2007,
author = {Kwon, MinHo and Jhun, Jong-Ghap and Ha, Kyung-Ja},
doi = {10.1029/2007GL031977},
journal = {Geophys. Res. Lett.},
pages = {L21706},
title = {{Decadal change in east Asian summer monsoon circulation in the mid-1990s}},
volume = {34},
year = {2007}
}
@article{Archer2008,
author = {Archer, Cristina L. and Caldeira, Ken},
doi = {10.1029/2008GL033614},
journal = {Geophys. Res. Lett.},
pages = {L08803},
title = {{Historical trends in the jet streams}},
volume = {35},
year = {2008}
}
@article{Fu2006,
author = {Fu, Qiang and Johanson, CM and Wallace, JM and Reichler, Thomas},
journal = {Science},
pages = {1179},
title = {{Enhanced mid-latitude tropospheric warming in satellite measurements}},
volume = {312},
year = {2006}
}
@incollection{Christensen2011,
address = {Cambridge, United Kingdom and New York, NY, USA},
author = {Christensen, J. H. and {Krishna Kumar}, K. and Aldrian, E. and An, S.-I. and Cavalcanti, I. F. A. and de Castro, M. and Dong, W. and Goswami, P. and Hall, A. and Kanyanga, J. K. and Kitoh, A. and Kossin, J. and Lau, N.-C. and Renwick, J. and Stephenson, D. B. and Xie, S.-P. and Zhou, Tianjun},
booktitle = {Clim. Chang. 2013 Phys. Sci. Basis. Contrib. Work. Gr. I to Fifth Assess. Rep. Intergov. Panel Clim. Chang.},
editor = {Stocker, T. F. and Qin, D. and Plattner, G.-K. and Tignor, M. and Allen, S. K. and Boschung, J. and Nauels, A. and Xia, Y. and Bex, V. and Midgley, P. M.},
file = {:Users/Siwen/Desktop/Spring 2014/WG1AR5\_Chapter14\_FINAL.pdf:pdf},
publisher = {Cambridge University Press},
title = {{Climate Phenomena and their Relevance for Future Regional Climate Change}},
url = {http://www.climatechange2013.org/images/report/WG1AR5\_FOD\_Ch14\_All\_Final.pdf},
year = {2011}
}
@article{Park2014,
author = {Park, Jae-Heung and An, Soon-Il},
doi = {10.1002/2014GL062175},
issn = {00948276},
journal = {Geophys. Res. Lett.},
pages = {n/a--n/a},
title = {{Southward displacement of the upper atmosphere zonal Jet in the eastern north Pacific due to global warming}},
year = {2014}
}
@article{Kosaka2011,
author = {Kosaka, Yu and Xie, Shang-Ping and Nakamura, Hisashi},
doi = {10.1175/2011JCLI4099.1},
journal = {J. Climate},
pages = {5435--5453},
title = {{Dynamics of Interannual Variability in Summer Precipitation over East Asia}},
volume = {24},
year = {2011}
}
@article{Biasutti2011,
author = {Biasutti, Michela and Yuter, Sandra E. and Burleyson, Casey D. and Sobel, Adam H.},
doi = {10.1007/s00382-011-1146-6},
journal = {Clim. Dyn.},
pages = {239--258},
title = {{Very high resolution rainfall patterns measured by TRMM precipitation radar: seasonal and diurnal cycles}},
volume = {39},
year = {2011}
}
@article{Chen2014b,
author = {Chen, Jinqiang and Bordoni, Simona},
doi = {10.1002/2013GL058981.Received},
journal = {J. Geophys. Res. Atmos.},
pages = {1314--1321},
title = {{Intermodel spread of East Asian summer monsoon simulations in CMIP5}},
volume = {41},
year = {2014}
}
@article{Chen2014,
author = {Chen, Jinqiang and Bordoni, Simona},
doi = {10.1175/JCLI-D-13-00479.1},
journal = {J. Climate},
pages = {3052--3072},
title = {{Orographic Effects of the Tibetan Plateau on the East Asian Summer Monsoon: An Energetic Perspective}},
volume = {27},
year = {2014}
}
@article{Murakami1984,
author = {Murakami, Takio and Huang, Wen-Gen},
journal = {J. Meteorol. Soc. Japan},
pages = {895--909},
title = {{Orographic effects of the Tibetan Plateau on the rainfall variations over central China during the 1979 summer}},
volume = {62},
year = {1984}
}
@article{Ding2005,
author = {Ding, Yihui and Chan, Johnny C. L.},
doi = {10.1007/s00703-005-0125-z},
journal = {Meteorol. Atmos. Phys.},
pages = {117--142},
title = {{The East Asian summer monsoon: an overview}},
volume = {89},
year = {2005}
}
@article{Liang1998,
author = {Liang, Xin-Zhong and Wang, Wei-Chyung},
journal = {Q. J. R. Meteorol. Soc.},
pages = {2597--2623},
title = {{Associations between China monsoon rainfall and tropospheric jets}},
volume = {124},
year = {1998}
}
@article{Held2006,
author = {Held, IM and Soden, BJ},
journal = {J. Climate},
pages = {5686--5699},
title = {{Robust responses of the hydrological cycle to global warming}},
volume = {19},
year = {2006}
}
@article{Tao1981,
author = {Tao, Shi-Yen and Ding, Yi-hui},
journal = {Bull. Am. Meteorol. Soc.},
pages = {23--30},
title = {{Observational evidence of the influence of the Qinghai-Xizang (Tibet) Plateau on the occurrence of heavy rain and severe convective storms in China}},
volume = {62},
year = {1981}
}
@article{Muller2011,
author = {Muller, C. J. and O'Gorman, P. A.},
doi = {10.1038/nclimate1169},
journal = {Nat. Clim. Chang.},
pages = {266--271},
publisher = {Nature Publishing Group},
title = {{An energetic perspective on the regional response of precipitation to climate change}},
volume = {1},
year = {2011}
}
@article{Sampe2010,
author = {Sampe, Takeaki and Xie, Shang-Ping},
doi = {10.1175/2009JCLI3128.1},
journal = {J. Climate},
pages = {113--134},
title = {{Large-Scale Dynamics of the Meiyu-Baiu Rainband: Environmental Forcing by the Westerly Jet}},
volume = {23},
year = {2010}
}
@article{Yu2007,
author = {Yu, Rucong and Zhou, Tianjun},
doi = {10.1175/2007JCLI1559.1},
journal = {J. Climate},
pages = {5344--5355},
title = {{Seasonality and Three-Dimensional Structure of Interdecadal Change in the East Asian Monsoon}},
volume = {20},
year = {2007}
}
@article{Nagashima2013,
author = {Nagashima, Kana and Tada, Ryuji and Toyoda, Shin},
doi = {10.1002/2013GC004931},
journal = {Geochemistry, Geophys. Geosystems},
pages = {5041--5053},
title = {{Westerly jet-East Asian summer monsoon connection during the Holocene}},
volume = {14},
year = {2013}
}
@article{Chou2009,
author = {Chou, Chia and Neelin, J. David and Chen, Chao-An and Tu, Jien-Yi},
doi = {10.1175/2008JCLI2471.1},
journal = {J. Climate},
pages = {1982--2005},
title = {{Evaluating the ``rich-get-richer'' mechanism in tropical precipitation change under global warming}},
volume = {22},
year = {2009}
}
@article{Lintner2007,
author = {Lintner, Benjamin and Neelin, J. David},
doi = {10.1029/2006GL027305},
journal = {Geophys. Res. Lett.},
pages = {L05812},
title = {{A prototype for convective margin shifts}},
volume = {34},
year = {2007}
}
@article{Roe2009,
author = {Roe, Gerard},
doi = {10.1016/j.yqres.2008.09.004},
journal = {Quat. Res.},
pages = {150--161},
publisher = {University of Washington},
title = {{On the interpretation of Chinese loess as a paleoclimate indicator}},
volume = {71},
year = {2009}
}
@article{Nagashima2011,
author = {Nagashima, Kana and Tada, Ryuji and Tani, Atsushi and Sun, Youbin and Isozaki, Yuko and Toyoda, Shin and Hasegawa, Hitoshi},
doi = {10.1016/j.jseaes.2010.08.010},
journal = {J. Asian Earth Sci.},
pages = {1214--1220},
title = {{Millennial-scale oscillations of the westerly jet path during the last glacial period}},
volume = {40},
year = {2011}
}
@article{Yatagai2012,
author = {Yatagai, Akiyo and Kamiguchi, Kenji and Arakawa, Osamu and Hamada, Atsushi and Yasutomi, Natsuko and Kitoh, Akio},
doi = {10.1175/BAMS-D-11-00122.1},
journal = {Bull. Am. Meteorol. Soc.},
pages = {1401--1415},
title = {{APHRODITE: Constructing a Long-Term Daily Gridded Precipitation Dataset for Asia Based on a Dense Network of Rain Gauges}},
volume = {93},
year = {2012}
}
@article{Yang2002,
author = {Yang, S and Lau, KM and Kim, KM},
journal = {J. Climate},
pages = {306--325},
title = {{Variations of the East Asian Jet Stream and Asian‚ÄìPacific‚ÄìAmerican Winter Climate Anomalies.}},
volume = {15},
year = {2002}
}
@article{Schiemann2009,
author = {Schiemann, Reinhard and L\"{u}thi, Daniel and Sch\"{a}r, Christoph},
doi = {10.1175/2008JCLI2625.1},
journal = {J. Climate},
pages = {2940--2957},
title = {{Seasonality and Interannual Variability of the Westerly Jet in the Tibetan Plateau Region}},
volume = {22},
year = {2009}
}
@article{Feldl2014,
author = {Feldl, N and Frierson, DMW and Roe, GH},
doi = {10.1002/2014GL059336.Weakening},
journal = {Geophys. Res. Lett.},
title = {{The influence of regional feedbacks on circulation sensitivity}},
year = {2014}
}
@article{Shen2014,
author = {Shen, Y and Zhao, P and Pan, Y and Yu, J},
doi = {10.1002/2013JD020686},
journal = {J. Geophys. Res. Atmos.},
title = {{A high spatiotemporal gauge-satellite merged precipitation analysis over China}},
volume = {119},
year = {2014}
}
@article{Zhang1999,
author = {Zhang, Renhe and Sumi, Akimasa and Kimoto, Masahide},
journal = {Adv. Atmos. Sci.},
pages = {229--241},
title = {{A Diagnostic Study of the Impact of El Nifio on the Precipitation in China}},
year = {1999},
volume= {16}
}
@article{Yu2004,
author = {Yu, Rucong and Wang, Bin and Zhou, Tianjun},
doi = {10.1029/2004GL021270},
journal = {Geophysical Research Letters},
pages = {L22212},
title = {{Tropospheric cooling and summer monsoon weakening trend over East Asia}},
volume = {31},
year = {2004}
}
@article{Zhou2005,
author = {Zhou, Tian-Jun and Yu, Rucong},
doi = {10.1029/2004JD005413},
journal = {Journal of Geophysical Research},
pages = {D08104},
title = {{Atmospheric water vapor transport associated with typical anomalous summer rainfall patterns in China}},
volume = {110},
year = {2005}
}
@article{Wang2012,
author = {Wang, Bin and Xiang, Baoqiang and Lee, June-yi},
doi = {10.1073/pnas.1214626110/-/DCSupplemental.www.pnas.org/cgi/doi/10.1073/pnas.1214626110},
journal = {Proceedings of the National Academy of Sciences},
mendeley-groups = {Climate/Paleoclimate Asian Monsoon/EASM and westerly jet},
pages = {1--5},
title = {{Subtropical High predictability establishes a promising way for monsoon and tropical storm predictions}},
year = {2012}
}
@incollection{Nigam2013,
author = {Nigam, Sumant and Zhao, Yongjing and Zhou, Tianjun},
booktitle = {Climate Change: Multidecadal and Beyond},
editor = {{Michael Ghil, Mojif Latif}, Mike Wallace and C.P. Chan},
mendeley-groups = {Climate/Paleoclimate Asian Monsoon/NSF proposal},
publisher = {World Press},
title = {{The south-flood north-drought pattern over Eastern China and the drying of the Gangetic Plain}},
volume = {1},
year = {2013}
}
@article{Molnar2010,
author = {Molnar, Peter and Boos, William R. and Battisti, David S.},
doi = {10.1146/annurev-earth-040809-152456},
journal = {Annual Review of Earth and Planetary Sciences},
pages = {77--102},
title = {{Orographic Controls on Climate and Paleoclimate of Asia: Thermal and Mechanical Roles for the Tibetan Plateau}},
volume = {38},
year = {2010}
}

